
@article{ruble2006gender,
  title={Gender development.},
  author={Ruble, Diane N and Martin, Carol Lynn and Berenbaum, Sheri A},
  year={2006},
  publisher={John Wiley \& Sons, Inc.}
}

@incollection{halim2010gender,
  title={Gender identity and stereotyping in early and middle childhood},
  author={Halim, May Ling and Ruble, Diane},
  booktitle={Handbook of gender research in psychology},
  pages={495--525},
  year={2010},
  publisher={Springer}
}

@article{gelman2010effects,
  title={Effects of generic language on category content and structure},
  author={Gelman, Susan A and Ware, Elizabeth A and Kleinberg, Felicia},
  journal={Cognitive psychology},
  volume={61},
  number={3},
  pages={273--301},
  year={2010},
  publisher={Elsevier}
}

@article{lewis2020might,
  title={What might books be teaching young children about gender?},
  author={Lewis, Molly and Borkenhagen, M Cooper and Converse, Ellen and Lupyan, Gary and Seidenberg, Mark S},
  year={2020},
  publisher={PsyArXiv}
}

@article{caliskan2017semantics,
  title={Semantics derived automatically from language corpora contain human-like biases},
  author={Caliskan, Aylin and Bryson, Joanna J and Narayanan, Arvind},
  journal={Science},
  volume={356},
  number={6334},
  pages={183--186},
  year={2017},
  publisher={American Association for the Advancement of Science}
}

@article{charlesworth2021gender,
  title={Gender stereotypes in natural language: Word embeddings show robust consistency across child and adult language corpora of more than 65 million words},
  author={Charlesworth, Tessa ES and Yang, Victor and Mann, Thomas C and Kurdi, Benedek and Banaji, Mahzarin R},
  journal={Psychological Science},
  volume={32},
  number={2},
  pages={218--240},
  year={2021},
  publisher={SAGE Publications Sage CA: Los Angeles, CA}
}

@article{lewis2020gender,
  title={Gender stereotypes are reflected in the distributional structure of 25 languages},
  author={Lewis, Molly and Lupyan, Gary},
  journal={Nature human behaviour},
  volume={4},
  number={10},
  pages={1021--1028},
  year={2020},
  publisher={Nature Publishing Group}
}

@article{mikolov2013efficient,
  title={Efficient estimation of word representations in vector space},
  author={Mikolov, Tomas and Chen, Kai and Corrado, Greg and Dean, Jeffrey},
  journal={arXiv preprint arXiv:1301.3781},
  year={2013}
}

@inproceedings{pennington2014glove,
  author = {Jeffrey Pennington and Richard Socher and Christopher D. Manning},
  booktitle = {Empirical Methods in Natural Language Processing (EMNLP)},
  title = {GloVe: Global Vectors for Word Representation},
  year = {2014},
  pages = {1532--1543},
  url = {http://www.aclweb.org/anthology/D14-1162},
}

@article{sanchez2019childes,
  title={childes-db: A flexible and reproducible interface to the child language data exchange system},
  author={Sanchez, Alessandro and Meylan, Stephan C and Braginsky, Mika and MacDonald, Kyle E and Yurovsky, Daniel and Frank, Michael C},
  journal={Behavior research methods},
  volume={51},
  number={4},
  pages={1928--1941},
  year={2019},
  publisher={Springer}
}

@article{bhatia2021changes,
  title={Changes in gender stereotypes over time: a computational analysis},
  author={Bhatia, Nazl{\i} and Bhatia, Sudeep},
  journal={Psychology of Women Quarterly},
  volume={45},
  number={1},
  pages={106--125},
  year={2021},
  publisher={Sage Publications Sage CA: Los Angeles, CA}
}

@article{greenwald1998measuring,
  title={Measuring individual differences in implicit cognition: the implicit association test.},
  author={Greenwald, Anthony G and McGhee, Debbie E and Schwartz, Jordan LK},
  journal={Journal of personality and social psychology},
  volume={74},
  number={6},
  pages={1464},
  year={1998},
  publisher={American Psychological Association}
}

@article{cvencek2011math,
  title={Math--gender stereotypes in elementary school children},
  author={Cvencek, Dario and Meltzoff, Andrew N and Greenwald, Anthony G},
  journal={Child development},
  volume={82},
  number={3},
  pages={766--779},
  year={2011},
  publisher={Wiley Online Library}
}

@article{fenson2000short,
  title={Short-form versions of the MacArthur communicative development inventories},
  author={Fenson, Larry and Pethick, Steve and Renda, Connie and Cox, Jeffrey L and Dale, Philip S and Reznick, J Steven},
  journal={Applied psycholinguistics},
  volume={21},
  number={1},
  pages={95--116},
  year={2000},
  publisher={Cambridge University Press}
}

@inproceedings{braginsky2016gender,
  author = {Mika Braginsky and Stephan Meylan and Michael C. Frank},
  booktitle = { 41st Annual Boston University Conference on Language Development (BUCLD)},
  title = {Gender Differences in Lexical Input and Acquisition},
  year = {2016}
}

@article{devlin2018bert,
  title={Bert: Pre-training of deep bidirectional transformers for language understanding},
  author={Devlin, Jacob and Chang, Ming-Wei and Lee, Kenton and Toutanova, Kristina},
  journal={arXiv preprint arXiv:1810.04805},
  year={2018}
}

@book{macwhinney2000childes,
  title={The CHILDES project: The database},
  author={MacWhinney, Brian},
  volume={2},
  year={2000},
  publisher={Psychology Press}
}





